@book{petrovski1966ordinary,
  title={Ordinary Differential Equations},
  author={I. G. Petrovsky and Richard A. Silverman},
  lccn={66018161},
  year={1966},
  publisher={Prentice-Hall}
}

@book{cooke1992ordinary,
  title={Ordinary Differential Equations},
  author={V. I. Arnold and R. Cooke},
  isbn={9783540548133},
  lccn={91044188},
  series={Springer Textbook},
  year={1992},
  publisher={Springer Berlin Heidelberg}
}

book{de2000mathematical,
  title={Mathematical methods and models for economists},
  author={Ángel de la Fuente},
  year={2000},
  publisher={Cambridge University Press}
}

@book{apostol1974analysis,
  title={Mathematical Analysis, Second Edition},
  author={Tom M. Apostol},
  year={1974},
  publisher={Addison-Wesley}
}

@book{hale1980ode,
  title={Ordinary Differential Equations},
  author={Jack K. Hale},
  year={1980},
  edition=2,
  publisher={Krieger}
}

@article{peano1890demonstration,
  title={D{\'e}monstration de l’int{\'e}grabilit{\'e} des {\'e}quations diff{\'e}rentielles ordinaires},
  author={Peano, Giuseppe},
  pages={182--228},
  doi={10.1007/BF01200235},
  year={1890},
  journal={Mathematische Annalen},
  volume={37}
}

@book{teschl2012ordinary,
  title={Ordinary differential equations and dynamical systems},
  author={Teschl, Gerald},
  volume={140},
  year={2012},
  publisher={American Mathematical Soc.}
}

@article{banach1922operations,
  title={Sur les op{\'e}rations dans les ensembles abstraits et leur application aux {\'e}quations int{\'e}grales},
  author={Banach, Stefan},
  journal={Fundamenta Mathematicae},
  volume={3},
  doi={10.4064/fm-3-1-133-181},
  pages={133--181},
  year={1922}
}

misc{black2019slope,
  title={How to draw slope fields with all the possible solution curves in latex},
  author={{Black Mild \href{https://tex.stackexchange.com/users/140722/black-mild}{at StackExchange}}},
  year={2019},
  url={https://tex.stackexchange.com/a/471720}
}
